@misc{faostat,
author = {FAO}, 
title = {FAOSTAT},
url = {https://www.fao.org/faostat/en/#data},
urldate = {26-12-2022},
note = {License: CC BY-NC-SA 3.0 IGO, Date accessed: 26-12-2022},
year = {2022},
}