@misc{faostat,
author = {FAO}, 
title = {FAOSTAT},
url = {https://www.fao.org/faostat/en/#data},
urldate = {26-12-2022},
note = {License: CC BY-NC-SA 3.0 IGO, Date accessed: 26-12-2022},
year = {2022},
}

@software{douglas_bates_2023_7529836,
  author       = {Douglas Bates and
                  Phillip Alday and
                  Dave Kleinschmidt and
                  José Bayoán Santiago Calderón, PhD and
                  Likan Zhan and
                  Andreas Noack and
                  Milan Bouchet-Valat and
                  Alex Arslan and
                  Tony Kelman and
                  Antoine Baldassari and
                  Benedikt Ehinger and
                  Daniel Karrasch and
                  Elliot Saba and
                  Jacob Quinn and
                  Michael Hatherly and
                  Morten Piibeleht and
                  Patrick Kofod Mogensen and
                  Simon Babayan and
                  Yakir Luc Gagnon},
  title        = {JuliaStats/MixedModels.jl: v4.8.2},
  month        = jan,
  year         = 2023,
  publisher    = {Zenodo},
  version      = {v4.8.2},
  doi          = {10.5281/zenodo.7529836},
  url          = {https://doi.org/10.5281/zenodo.7529836}
}

@article{bezanson2017julia,
  title={Julia: A fresh approach to numerical computing},
  author={Bezanson, Jeff and Edelman, Alan and Karpinski, Stefan and Shah, Viral B},
  journal={SIAM review},
  volume={59},
  number={1},
  pages={65--98},
  year={2017},
  publisher={SIAM},
  url={https://doi.org/10.1137/141000671}
}

@online{noauthor_table_nodate,
	title = {Table 3 Phytolith length and width},
	url = {https://www.researchgate.net/figure/Phytolith-length-and-width_tbl3_225140906},
	abstract = {Download Table {\textbar} Phytolith length and width  from publication: Response of phytoliths in Leymus chinensis to the simulation of elevated global {CO}2 concentrations in Songnen Grassland, China {\textbar} Measuring the response of terrestrial ecosystems to elevated {CO}2 concentrations is very important for understanding the effects of global change. In this study, {OTC} (open top chambers) were used to simulate elevated {CO}2 concentrations in the Songnen Grassland. As well,... {\textbar} Phytolith, Carbon Dioxide and Grassland {\textbar} {ResearchGate}, the professional network for scientists.},
	titleaddon = {{ResearchGate}},
	urldate = {2021-06-16},
	langid = {english},
	file = {Snapshot:/home/isaac/Zotero/storage/2WN89ZYK/Phytolith-length-and-width_tbl3_225140906.html:text/html},
}